%%% Biber accepts '%' for marking comments

%%% Literature and References can be added like this, remove %%% and it can be referenced
%%%@online{MDNAsyncAwait,
	author={MDN\_contributors},
	title={{Making asynchronous programming easier with async and await}},
	date={2021},
	url={https://developer.mozilla.org/en-US/docs/Learn/JavaScript/Asynchronous/Async_await},
	urldate={2021-10-17},
	langid={english}
}
